@Article{friedman,
author = {Nathaniel A. Friedman},
title = {Introduction to ergodic theory},
journal = {Van Nostrand Reinhold Mathematical Studies},
year = {1970},
OPTkey = {•},
OPTvolume = {•},
OPTnumber = {29},
OPTpages = {•},
OPTmonth = {•},
OPTnote = {•},
OPTannote = {•}
}

@Article{mixing,
author = {R. V. Chacon},
title = { Weakly mixing transformations which are not strongly mixing},
journal = {Proceedings of the American Mathematical Society},
year = {1969},
OPTkey = {•},
OPTvolume = {•},
OPTnumber = {22},
OPTpages = {559–562},
OPTmonth = {•},
OPTnote = {•},
OPTannote = {•}
}

@Article{deljunco,
author = {Andres del Junco},
title = {A simple measure-preserving transformation with trivial centralizer},
journal = {Pacific Journal of Mathematics},
year = {1978},
OPTkey = {•},
OPTvolume = {79},
OPTnumber = {2},
OPTpages = {357–362},
OPTmonth = {•},
OPTnote = {•},
OPTannote = {•}
}


@Article{joinings,
author = {A. del Junco and M. Rahe and L. Swanson},
title = {Chacon’s automorphism has minimal self-joinings},
journal = {Journal d'Analyse Mathematique},
year = {1980},
OPTkey = {•},
OPTvolume = {•},
OPTnumber = {37},
OPTpages = {276–284},
OPTmonth = {•},
OPTnote = {•},
OPTannote = {•}
}
, , and , ,
.  (1980), .